@book{Brodal2010,
abstract = {The numerous full color line drawings - based on the author{\&}apos;s long experience of teaching undergraduate students and new to this edition - make it easier to ...},
author = {Brodal, Per},
booktitle = {structure and function},
isbn = {9780195381153},
pages = {591},
title = {{The central nervous system}},
year = {2010}
}

@article{Sperber2006,
author = {Sperber, G H},
doi = {10.1111/j.1469-7580.2006.00537.x},
eprint = {arXiv:1011.1669v3},
isbn = {1451119453},
issn = {0098-7484},
journal = {Journal of anatomy},
number = {3},
pages = {393},
pmid = {21250652},
title = {{Clinically Oriented Anatomy}},
volume = {208},
year = {2006}
}

@article{Steinman1996,
author = {{Steinman, M.D}, Lawrence},
doi = {10.1016/S0092-8674(00)81107-1},
issn = {00928674},
journal = {Cell},
month = {may},
number = {3},
pages = {299--302},
title = {{Multiple Sclerosis: A Coordinated Immunological Attack against Myelin in the Central Nervous System}},
volume = {85},
year = {1996}
}

@article{Compston2002,
author = {Compston, Alastair and Coles, Alasdair},
doi = {10.1016/S0140-6736(02)08220-X},
isbn = {0140-6736 (Print)$\backslash$r0140-6736 (Linking)},
issn = {0140-6736},
journal = {Lancet},
number = {9313},
pages = {1221--31},
pmid = {11955556},
title = {{Multiple sclerosis.}},
volume = {359},
year = {2002}
}

@article{Compston2008,
	Author = {Alastair Compston and Alasdair Coles},
	Doi = {http://dx.doi.org/10.1016/S0140-6736(08)61620-7},
	Journal = {Lancet},
	Number = {9648},
	Pages = {1502--17},
	Title = {Multiple sclerosis},
	Volume = {372},
	Year = {2008},
	Bdsk-Url-1 = {http://linkinghub.elsevier.com/retrieve/pii/S0140-6736(08)61620-7},
	Bdsk-Url-2 = {http://dx.doi.org/10.1016/S0140-6736(08)61620-7}
}


@article{Confavreux1980,
author = {Confavreux C, Aimard G, Devic M},
doi = {10.1093/brain/103.2.281},
issn = {0006-8950},
journal = {Brain},
number = 2,
pages = {281--300},
publisher = {Oxford University Press},
title = {Course and prognosis of multiple sclerosis assessed by the computerized data processing of 349 patients},
volume = 103,
year = 1980
}

@article{Lublin1996,
	Author = {Lublin, F. D. and Reingold, S. C.},
	Citeulike-Article-Id = {5003151},
	Citeulike-Linkout-0 = {http://view.ncbi.nlm.nih.gov/pubmed/8780061},
	Citeulike-Linkout-1 = {http://www.hubmed.org/display.cgi?uids=8780061},
	Issn = {0028-3878},
	Journal = {Neurology},
	Keywords = {master},
	Month = apr,
	Number = {4},
	Pages = {907--911},
	Pmid = {8780061},
	Posted-At = {2009-06-28 22:28:44},
	Priority = {2},
	Title = {{Defining the clinical course of multiple sclerosis: results of an international survey. National Multiple Sclerosis Society (USA) Advisory Committee on Clinical Trials of New Agents in Multiple Sclerosis.}},

	Volume = {46},
	Year = {1996},
	Bdsk-Url-1 = {http://view.ncbi.nlm.nih.gov/pubmed/8780061}}

@article{Minder1988,
	Author = {Minderhoud, J M and van der Hoeven, J H and Prange, A J},
	Issn = {0001-6314},
	Journal = {Acta Neurol Scand},
	Number = {1},
	Pages = {10-5},
	Pubmedid = {3176876},
	Title = {Course and prognosis of chronic progressive multiple sclerosis. Results of an epidemiological study.},
	Volume = {78},
	Year = {1988},
	Bdsk-Url-1 = {http://www.biomedsearch.com/nih/Course-prognosis-chronic-progressive-multiple/3176876.html}}

@article{Geva2006,
author = {Geva, Tal},
doi = {10.1080/10976640600755302},
file = {:home/s/.local/share/data/Mendeley Ltd./Mendeley Desktop/Downloaded/Geva - 2006 - Magnetic resonance imaging historical perspective(2).pdf:pdf},
isbn = {1097-6647$\backslash$r1532-429X},
issn = {1097-6647},
journal = {Journal of Cardiovascular Magnetic Resonance},
keywords = {cardiovascular system,congenital heart,history,magnetic resonance imaging,nuclear magnetic,resonance},
number = {4},
pages = {573--580},
pmid = {16869310},
title = {{Magnetic resonance imaging: historical perspective.}},
volume = {8},
year = {2006}
}

@article{Edelman1993,
annote = {PMID: 8433731},
author = {Edelman, Robert R and Warach, Steven},
doi = {10.1056/NEJM199303113281008},
journal = {New England Journal of Medicine},
mendeley-groups = {phd{\_}thesis{\_}related/introduction},
number = {10},
pages = {708--716},
title = {{Magnetic Resonance Imaging}},
volume = {328},
year = {1993}
}

@article{Filippi2011,
author = {Filippi, Massimo and Rocca, Maria A},
doi = {10.1148/radiol.11101362},
isbn = {10.1148/radiol.11101362},
issn = {1527-1315},
journal = {Radiology},
keywords = {Contrast Media,Contrast Media: diagnostic use,Disease Progression,Humans,Magnetic Resonance Imaging,Magnetic Resonance Imaging: methods,Multiple Sclerosis,Multiple Sclerosis: diagnosis,Multiple Sclerosis: physiopathology},
number = {3},
pages = {659--81},
pmid = {21602503},
title = {{MR imaging of multiple sclerosis.}},
volume = {259},
year = {2011}
}

@article{Ge2006,
author = {Ge, Y},
doi = {27/6/1165 [pii]},
isbn = {0195-6108 (Print)},
issn = {0195-6108},
journal = {American Journal of Neuroradiology },
number = {6 },
pages = {1165--1176},
pmid = {16775258},
title = {{Multiple Sclerosis: The Role of MR Imaging}},
volume = {27 },
year = {2006}
}

@article{Polman2011,
archivePrefix = {arXiv},
arxivId = {gr-qc/0208024},
author = {Polman, Chris H and Reingold, Stephen C and Banwell, Brenda and Clanet, Michel and Cohen, Jeffrey a and Filippi, Massimo and Fujihara, Kazuo and Havrdova, Eva and Hutchinson, Michael and Kappos, Ludwig and Lublin, Fred D and Montalban, Xavier and O'Connor, Paul and Sandberg-Wollheim, Magnhild and Thompson, Alan J and Waubant, Emmanuelle and Weinshenker, Brian and Wolinsky, Jerry S},
doi = {10.1002/ana.22366},
eprint = {0208024},
isbn = {1531-8249 (Electronic)$\backslash$r0364-5134 (Linking)},
issn = {1531-8249},
journal = {Annals of neurology},
keywords = {Early Diagnosis,Humans,Magnetic Resonance Imaging,Multiple Sclerosis,Multiple Sclerosis: diagnosis,Sensitivity and Specificity},
number = {2},
pages = {292--302},
pmid = {21387374},
primaryClass = {gr-qc},
title = {{Diagnostic criteria for multiple sclerosis: 2010 revisions to the McDonald criteria.}},
volume = {69},
year = {2011}
}


@article{Ceccarelli2010,
author = {Ceccarelli, Antonia and Rocca, Maria a and Neema, Mohit and Martinelli, Vittorio and Arora, Ashish and Tauhid, Shahamat and Ghezzi, Angelo and Comi, Giancarlo and Bakshi, Rohit and Filippi, Massimo},
doi = {10.1177/1352458509350310},
isbn = {1477-0970},
issn = {1352-4585},
journal = {Multiple sclerosis (Houndmills, Basingstoke, England)},
keywords = {10th june 2009,30th august 2009,accepted,caudate nucleus,clinically isolated syndromes,date received,gray matter t2 hypointensity,iron deposition,magnetic resonance imaging},
number = {1},
pages = {39--44},
pmid = {19965516},
title = {{Deep gray matter T2 hypointensity is present in patients with clinically isolated syndromes suggestive of multiple sclerosis.}},
volume = {16},
year = {2010}
}

@article{Dalton2004,
author = {Dalton, Catherine M. and Chard, Declan T. and Davies, Gerard R. and Miszkiel, Katherine a. and Altmann, Dan R. and Fernando, Kryshani and Plant, Gordon T. and Thompson, Alan J. and Miller, David H.},
doi = {10.1093/brain/awh126},
isbn = {0006-8950},
issn = {00068950},
journal = {Brain},
keywords = {Atrophy,Clinically isolated syndrome,Grey matter,Multiple sclerosis,White matter},
number = {5},
pages = {1101--1107},
pmid = {14998914},
title = {{Early development of multiple sclerosis is associated with progressive grey matter atrophy in patients presenting with clinically isolated syndromes}},
volume = {127},
year = {2004}
}

@article{Chard2002,
author = {Chard, D T and Parker, G J M and Kapoor, R and Thompson, A J and Miller, D H},
file = {:home/s/.local/share/data/Mendeley Ltd./Mendeley Desktop/Downloaded/Chard et al. - 2002 - Brain atrophy in clinically early relapsing± remitting multiple sclerosis.pdf:pdf},
keywords = {3d fspgr,abbreviations,atrophy,bpf,brain,brain parenchymal fraction,edss,expanded disability status scale,gm,gmf,grey matter,grey matter fraction,mri,multiple sclerosis,normal controls,recall,spm,statistical parametric mapping,three-dimensional fast spoiled gradient},
title = {{Brain atrophy in clinically early relapsing± remitting multiple sclerosis}},
year = {2002}
}


@article{Filippi2013,
author = {Filippi, Massimo and Preziosa, Paolo and Copetti, Massimiliano and Riccitelli, Gianna and Horsfield, Mark a and Martinelli, Vittorio and Comi, Giancarlo and Rocca, Maria a},
doi = {10.1212/01.wnl.0000435551.90824.d0},
file = {:home/s/.local/share/data/Mendeley Ltd./Mendeley Desktop/Downloaded/Filippi et al. - 2013 - Gray matter damage predicts the accumulation of disability 13 years later in MS.pdf:pdf},
issn = {1526-632X},
journal = {Neurology},
keywords = {Adult,Brain,Brain: pathology,Disability Evaluation,Disabled Persons,Disease Progression,Female,Humans,Longitudinal Studies,Magnetic Resonance Imaging,Male,Multiple Sclerosis,Multiple Sclerosis: complications,Nerve Fibers, Myelinated,Nerve Fibers, Myelinated: pathology,Predictive Value of Tests,Severity of Illness Index},
month = {nov},
number = {20},
pages = {1759--67},
pmid = {24122185},
title = {{Gray matter damage predicts the accumulation of disability 13 years later in MS.}},
volume = {81},
year = {2013}
}

@article{Sormani2014,
author = {Sormani, Maria Pia and Arnold, Douglas L and {De Stefano}, Nicola},
doi = {10.1002/ana.24018},
issn = {1531-8249},
journal = {Annals of neurology},
keywords = {Atrophy,Atrophy: pathology,Brain,Brain: pathology,Disabled Persons,Disease Progression,Humans,Multiple Sclerosis, Relapsing-Remitting,Multiple Sclerosis, Relapsing-Remitting: diagnosis,Multiple Sclerosis, Relapsing-Remitting: epidemiol,Multiple Sclerosis, Relapsing-Remitting: therapy,Randomized Controlled Trials as Topic,Randomized Controlled Trials as Topic: trends,Treatment Outcome},
number = {1},
pages = {43--9},
pmid = {24006277},
title = {{Treatment effect on brain atrophy correlates with treatment effect on disability in multiple sclerosis.}},
volume = {75},
year = {2014}
}

@article{Lansley2013,
author = {Lansley, J and Mataix-Cols, D and Grau, M and Radua, J and Sastre-Garriga, J},
doi = {10.1016/j.neubiorev.2013.03.006},
file = {:home/s/.local/share/data/Mendeley Ltd./Mendeley Desktop/Downloaded/Lansley et al. - 2013 - Localized grey matter atrophy in multiple sclerosis a meta-analysis of voxel-based morphometry studies and assoc.pdf:pdf},
issn = {1873-7528},
journal = {Neuroscience and biobehavioral reviews},
keywords = {Atrophy,Atrophy: etiology,Brain,Brain Mapping,Brain: pathology,Brain: physiopathology,Databases, Factual,Databases, Factual: statistics {\&} numerical data,Humans,Image Processing, Computer-Assisted,Multiple Sclerosis,Multiple Sclerosis: complications,Multiple Sclerosis: pathology,Neuroimaging,Regression Analysis},
month = {jun},
number = {5},
pages = {819--30},
pmid = {23518268},
publisher = {Elsevier Ltd},
title = {{Localized grey matter atrophy in multiple sclerosis: a meta-analysis of voxel-based morphometry studies and associations with functional disability.}},
volume = {37},
year = {2013}
}

@article{Bendfeldt2009,
author = {Bendfeldt, Kerstin and Kuster, Pascal and Traud, Stefan and Egger, Hanspeter and Winklhofer, Sebastian and Mueller-Lenke, Nicole and Naegelin, Yvonne and Gass, Achim and Kappos, Ludwig and Matthews, Paul M and Nichols, Thomas E and Radue, Ernst-Wilhelm and Borgwardt, Stefan J},
doi = {10.1016/j.neuroimage.2008.10.006},
file = {:home/s/.local/share/data/Mendeley Ltd./Mendeley Desktop/Downloaded/Bendfeldt et al. - 2009 - Association of regional gray matter volume loss and progression of white matter lesions in multiple sclerosis.pdf:pdf},
issn = {1095-9572},
journal = {NeuroImage},
keywords = {Adult,Female,Humans,Image Interpretation, Computer-Assisted,Image Interpretation, Computer-Assisted: methods,Imaging, Three-Dimensional,Imaging, Three-Dimensional: methods,Longitudinal Studies,Magnetic Resonance Imaging,Magnetic Resonance Imaging: methods,Male,Multiple Sclerosis,Multiple Sclerosis: pathology,Nerve Fibers, Myelinated,Nerve Fibers, Myelinated: pathology,Neurons,Neurons: pathology},
month = {mar},
number = {1},
pages = {60--7},
pmid = {19013533},
publisher = {Elsevier Inc.},
title = {{Association of regional gray matter volume loss and progression of white matter lesions in multiple sclerosis - A longitudinal voxel-based morphometry study.}},
volume = {45},
year = {2009}
}

@article{Cabezas2011,
author = {Cabezas, Mariano and Oliver, Arnau and Llad{\'{o}}, Xavier and Freixenet, Jordi and {Bach Cuadra}, Meritxell},
doi = {10.1016/j.cmpb.2011.07.015},
isbn = {1872-7565 (Electronic)$\backslash$n0169-2607 (Linking)},
issn = {01692607},
journal = {Computer Methods and Programs in Biomedicine},
keywords = {Atlas,Automated methods,Brain,Magnetic resonance imaging,Segmentation},
number = {3},
pages = {e158--e177},
pmid = {21871688},
title = {{A review of atlas-based segmentation for magnetic resonance brain images}},
volume = {104},
year = {2011}
}


@article{Fisher2008,
author = {Fisher, Elizabeth and Lee, Jar-Chi and Nakamura, Kunio and Rudick, Richard A},
doi = {10.1002/ana.21436},
isbn = {1531-8249 (Electronic)},
issn = {03645134},
journal = {Annals of Neurology},
month = {sep},
number = {3},
pages = {255--265},
pmid = {18661561},
title = {{Gray matter atrophy in multiple sclerosis: A longitudinal study}},
url = {http://doi.wiley.com/10.1002/ana.21436},
volume = {64},
year = {2008}
}

@article{Kurtzke1983,
author = {Kurtzke, J F},
doi = {10.1212/WNL.33.11.1444},
isbn = {0028-3878 (Print)},
issn = {0028-3878},
journal = {Neurology},
number = {11},
pages = {1444--1452},
pmid = {6685237},
title = {{Rating neurologic impairment in multiple sclerosis: an expanded disability status scale (EDSS).}},
volume = {33},
year = {1983}
}

@article{DeStefano2010,
author = {{De Stefano}, N. and Giorgio, A. and Battaglini, M. and Rovaris, M. and Sormani, M. P. and Barkhof, F. and Korteweg, T. and Enzinger, C. and Fazekas, F. and Calabrese, M. and Dinacci, D. and Tedeschi, G. and Gass, A. and Montalban, X. and Rovira, A. and Thompson, A. and Comi, G. and Miller, D. H. and Filippi, M.},
doi = {10.1212/WNL.0b013e3181e24136},
isbn = {1526-632X (Electronic)$\backslash$r0028-3878 (Linking)},
issn = {00283878},
journal = {Neurology},
number = {23},
pages = {1868--1876},
pmid = {20530323},
title = {{Assessing brain atrophy rates in a large population of untreated multiple sclerosis subtypes}},
volume = {74},
year = {2010}
}

@article{Popescu2013,
author = {Popescu, Veronica and Agosta, Federica and Hulst, Hanneke E and Sluimer, Ingrid C and Knol, Dirk L and Sormani, Maria Pia and Enzinger, Christian and Ropele, Stefan and Alonso, Julio and Sastre-Garriga, Jaume and Rovira, Alex and Montalban, Xavier and Bodini, Benedetta and Ciccarelli, Olga and Khaleeli, Zhaleh and Chard, Declan T and Matthews, Lucy and Palace, Jaqueline and Giorgio, Antonio and {De Stefano}, Nicola and Eisele, Philipp and Gass, Achim and Polman, Chris H and Uitdehaag, Bernard M J and Messina, Maria Jose and Comi, Giancarlo and Filippi, Massimo and Barkhof, Frederik and Vrenken, Hugo},
doi = {10.1136/jnnp-2012-304094},
isbn = {1468-330X},
issn = {1468-330X},
journal = {J Neurol Neurosurg Psychiatry},
number = {10},
pages = {1082--1091},
pmid = {23524331},
title = {{Brain atrophy and lesion load predict long term disability in multiple sclerosis.}},
url = {http://www.ncbi.nlm.nih.gov/pubmed/23524331},
volume = {84},
year = {2013}
}

@article{Tedeschi2005,
author = {Tedeschi, G. and Lavorgna, L. and Russo, P. and Prinster, A. and Dinacci, D. and Savettieri, G. and Quattrone, A. and Livrea, P. and Messina, C. and Reggio, A. and Bresciamorra, V. and Orefice, G. and Paciello, M. and Brunetti, A. and Coniglio, G. and Bonavita, S. and {Di Costanzo}, A. and Bellacosa, A. and Valentino, P. and Quarantelli, M. and Patti, F. and Salemi, G. and Cammarata, E. and Simone, I. L. and Salvatore, M. and Bonavita, V. and Alfano, B.},
doi = {10.1212/01.wnl.0000168837.87351.1f},
isbn = {1526-632X (Electronic)$\backslash$r0028-3878 (Linking)},
issn = {00283878},
journal = {Neurology},
number = {2},
pages = {280--285},
pmid = {16043800},
title = {{Brain atrophy and lesion load in a large population of patients with multiple sclerosis}},
volume = {65},
year = {2005}
}

@article{Rudick2009,
author = {Rudick, Richard a and Lee, Jar-Chi and Nakamura, Kunio and Fisher, Elizabeth},
doi = {10.1016/j.jns.2008.11.018},
file = {:home/s/.local/share/data/Mendeley Ltd./Mendeley Desktop/Downloaded/Rudick et al. - 2009 - Gray matter atrophy correlates with MS disability progression measured with MSFC but not EDSS.pdf:pdf},
issn = {1878-5883},
journal = {Journal of the neurological sciences},
keywords = {Adult,Analysis of Variance,Atrophy,Atrophy: pathology,Brain,Brain: pathology,Demyelinating Diseases,Demyelinating Diseases: diagnosis,Demyelinating Diseases: pathology,Disability Evaluation,Disease Progression,Female,Humans,Longitudinal Studies,Magnetic Resonance Imaging,Male,Middle Aged,Multiple Sclerosis,Multiple Sclerosis: diagnosis,Multiple Sclerosis: pathology,Nerve Fibers, Myelinated,Nerve Fibers, Myelinated: pathology,Prognosis,Severity of Illness Index,Time Factors},
month = {jul},
number = {1-2},
pages = {106--11},
pmid = {19100997},
publisher = {Elsevier B.V.},
title = {{Gray matter atrophy correlates with MS disability progression measured with MSFC but not EDSS.}},
volume = {282},
year = {2009}
}

@article{Fisniku2008,
author = {Fisniku, Leonora K and Chard, Declan T and Jackson, Jonathan S and Anderson, Valerie M and Altmann, Daniel R and Miszkiel, Katherine A and Thompson, Alan J and Miller, David H},
doi = {10.1002/ana.21423},
isbn = {1531-8249 (Electronic)},
issn = {1531-8249},
journal = {Ann Neurol},
pages = {247--254},
pmid = {18570297},
title = {{Gray Matter Atrophy Is Related to Long- Term Disability in Multiple Sclerosis}},
volume = {64},
year = {2008}
}

@article{Rudick2012,
author = {Rudick, R and Altay, E and Lee, J C and Jones, S and Hara-Cleaver, C and Fisher, E},
doi = {http://dx.doi.org/10.1212/WNL.78.1},
isbn = {0028-3878},
journal = {Neurology},
keywords = {clinical decision making,clinical practice,computer,disease course,human,machine,medical specialist,neurologist,neurology,nuclear magnetic resonance imaging,nurse practitioner,patient,radiologist,reliability},
pmid = {70726063},
title = {{Inter-rater reliability among clinical raters for new MRI lesions in MS patients}},
volume = {78 (1 Meet},
year = {2012}
}

@article{Bresser2011,
author = {de Bresser, Jeroen and Portegies, Marileen P and Leemans, Alexander and Biessels, Geert Jan and Kappelle, L Jaap and Viergever, Max a and Bresser, Jeroen De and Jan, Geert},
doi = {10.1016/j.neuroimage.2010.09.060},
issn = {1095-9572},
journal = {NeuroImage},
month = {jan},
number = {2},
pages = {760--8},
pmid = {20888923},
publisher = {Elsevier Inc.},
title = {{A comparison of MR based segmentation methods for measuring brain atrophy progression.}},
volume = {54},
year = {2011}
}


@article{Klauschen2009,
author = {Klauschen, Frederick and Goldman, Aaron and Barra, Vincent and Meyer-Lindenberg, Andreas and Lundervold, Arvid},
doi = {10.1002/hbm.20599},
file = {:home/s/.local/share/data/Mendeley Ltd./Mendeley Desktop/Downloaded/Klauschen et al. - 2009 - Evaluation of automated brain MR image segmentation and volumetry methods.pdf:pdf},
issn = {1097-0193},
journal = {Human brain mapping},
month = {apr},
number = {4},
pages = {1310--27},
pmid = {18537111},
title = {{Evaluation of automated brain MR image segmentation and volumetry methods.}},
volume = {30},
year = {2009}
}

@article{Valverde2014a,
author = {Valverde, Sergi and Oliver, Arnau and Cabezas, Mariano and Roura, Eloy and Llad\'{o}, Xavier},
journal = {Journal of Magnetic Resonance Imaging},
title = {{Comparison of 10 brain tissue segmentation methods using revisited IBSR annotations}},
volume = 41,
number = 1,
issn = {1522-2586},
pages = {93--101},
year = 2015,
}

@article{Giorgio2013,
author = {Giorgio, Antonio and {De Stefano}, Nicola},
doi = {10.1002/jmri.23671},
file = {:home/s/Dropbox/phd/papers/tissue{\_}segmentation/Journal of Magnetic Resonance Imaging Volume 37 issue 1 2013 [doi 10.1002{\%}2Fjmri.23671] Giorgio, Antonio$\backslash$; De Stefano, Nicola -- Clinical use of brain volumetry.pdf:pdf},
isbn = {1522-2586},
issn = {10531807},
journal = {Journal of Magnetic Resonance Imaging},
keywords = {Alzheimer's disease,brain atrophy,epilepsy,multiple sclerosis,parkinsonisms,volumetric MRI},
number = {1},
pages = {1--14},
pmid = {23255412},
title = {{Clinical use of brain volumetry}},
volume = {37},
year = {2013}
}

@article{Kapur1996,
author = {Kapur, T and Grimson, W E and Wells, W M and Kikinis, R},
doi = {10.1016/S1361-8415(96)80008-9},
issn = {1361-8415},
journal = {Medical image analysis},
keywords = {Algorithms,Anatomy, Cross-Sectional,Brain,Brain: anatomy {\&} histology,Fourier Analysis,Humans,Image Processing, Computer-Assisted,Magnetic Resonance Imaging,Reproducibility of Results},
number = 2,
pages = {109--27},
pmid = 9873924,
title = {{Segmentation of brain tissue from magnetic resonance images.}},
volume = 1,
year = 1996
}

@article{Cline1990,
author = {Cline, Harvey E. and Lorensen, William E. and Kikinis, Ron and Jolesz, Ferenc},
doi = {10.1097/00004728-199011000-00041},
isbn = {0363-8715},
issn = {0363-8715},
journal = {Journal of Computer Assisted Tomography},
number = {6},
pages = {1037--1045},
pmid = {2229557},
title = {{Three-Dimensional Segmentation of MR Images of the Head Using Probability and Connectivity}},
url = {http://content.wkhealth.com/linkback/openurl?sid=WKPTLP:landingpage{\&}an=00004728-199011000-00041},
volume = {14},
year = {1990}
}

@article{Gerig1992,
author = {Gerig, Guido and Martin, John and Kikinis, Ron and Kubler, Olaf and Shenton, Martha and Jolesz, Ferenc A.},
doi = {10.1016/0262-8856(92)90021-T},
isbn = {0262-8856},
issn = {02628856},
journal = {Image and Vision Computing},
keywords = {3D display,assessment of brain tissues,clustering,magnetic resonance volume data,medical image analysis,segmentation in multidimensions,statistical classification},
number = {6},
pages = {349--360},
title = {{Unsupervised tissue type segmentation of 3D dual-echo MR head data}},
volume = {10},
year = {1992}
}

@article{Harmouche2015,
author = {Harmouche, Rola and Subbanna, Nagesh K and Collins, D Louis and Arnold, Douglas L and Arbel, Tal},
number = {5},
pages = {1281--1292},
title = {{Based on Modeling Regional Intensity Variability and Local Neighborhood Information}},
volume = {62},
year = {2015}
}

@article{Acosta-Cabronero2008,
author = {Acosta-Cabronero, Julio and Williams, Guy B. and Pereira, Jo{\~{a}}o M S and Pengas, George and Nestor, Peter J.},
doi = {10.1016/j.neuroimage.2007.10.051},
isbn = {1053-8119 (Print) 1053-8119 (Linking)},
issn = {10538119},
journal = {NeuroImage},
number = {4},
pages = {1654--1665},
pmid = {18065243},
title = {{The impact of skull-stripping and radio-frequency bias correction on grey-matter segmentation for voxel-based morphometry}},
volume = {39},
year = {2008}
}

@article{Popescu2012,
author = {Popescu, V. and Battaglini, M. and Hoogstrate, W. S. and Verfaillie, S. C J and Sluimer, I. C. and van Schijndel, R. A. and van Dijk, B. W. and Cover, K. S. and Knol, D. L. and Jenkinson, M. and Barkhof, F. and de Stefano, N. and Vrenken, H. and Barkhof, F. and Montalban, X. and Fazekas, F. and Filippi, M. and Frederiksen, J. and Kappos, L. and Miller, D. and Palace, J. and Polman, C. and Rocca, M. and Rovira, A. and Yousry, T.},
doi = {10.1016/j.neuroimage.2012.03.074},
isbn = {1095-9572 (Electronic)$\backslash$r1053-8119 (Linking)},
issn = {10538119},
journal = {NeuroImage},
keywords = {BET,Brain extraction,FSL,MRI,Multiple sclerosis,Segmentation},
number = {4},
pages = {1484--1494},
pmid = {22484407},
title = {{Optimizing parameter choice for FSL-Brain Extraction Tool (BET) on 3D T1 images in multiple sclerosis}},
volume = {61},
year = {2012}
}

@article{Smith2002,
author = {Smith, Stephen M.},
doi = {10.1002/hbm.10062},
isbn = {1065-9471 (Print) 1065-9471 (Linking)},
issn = {10659471},
journal = {Human Brain Mapping},
keywords = {Brain segmentation,Cortical surface modeling},
number = {3},
pages = {143--155},
pmid = {12391568},
title = {{Fast robust automated brain extraction}},
volume = {17},
year = {2002}
}

@article{Shattuck2001,
author = {Shattuck, D W and Sandor-Leahy, S R and Schaper, K a and Rottenberg, D a and Leahy, R M},
doi = {10.1006/nimg.2000.0730},
isbn = {1053-8119 (Print)},
issn = {1053-8119},
journal = {NeuroImage},
number = {5},
pages = {856--876},
pmid = {11304082},
title = {{Magnetic resonance image tissue classification using a partial volume model.}},
volume = {13},
year = {2001}
}

@article{Roura2014,
author = {Roura, Eloy and Oliver, Arnau and Cabezas, Mariano and Vilanova, Joan C. and Rovira, ??lex and Rami??-Torrent??, Llu??s and Llad??, Xavier},
doi = {10.1016/j.cmpb.2013.11.015},
issn = {01692607},
journal = {Computer Methods and Programs in Biomedicine},
keywords = {Biomedical engineering,Image analysis,Image segmentation,Magnetic resonance imaging,Skull stripping},
number = {2},
pages = {655--673},
pmid = {24380649},
title = {{MARGA: Multispectral Adaptive Region Growing Algorithm for brain extraction on axial MRI}},
volume = {113},
year = {2014}
}

@article{Lee2003,
author = {Lee, Jong Min and Yoon, Uicheul and Nam, Sang Hee and Kim, Jung Hyun and Kim, In Young and Kim, Sun I.},
doi = {10.1016/S0010-4825(03)00022-2},
issn = {00104825},
journal = {Computers in Biology and Medicine},
keywords = {False negative rate,False positive rate,Inter-rater reliability,Similarity index,Simulated T1-weighted MRI,Skull-stripping},
number = {6},
pages = {495--507},
pmid = {12878233},
title = {{Evaluation of automated and semi-automated skull-stripping algorithms using similarity index and segmentation error}},
volume = {33},
year = {2003}
}

@article{Simmons1994,
author = {Simmons, A. and Tofts, P. S. and Barker, G. J. and Arridge, S. R.},
doi = {10.1002/mrm.1910320117},
isbn = {0740-3194},
issn = {07403194},
journal = {Magnetic Resonance in Medicine},
number = {1},
pages = {121--128},
pmid = {8084227},
title = {{Sources of intensity nonuniformity in spin echo images at 1.5 T}},
volume = {32},
year = {1994}
}

@article{Sled1998,
author = {Sled, J G and Zijdenbos, A P and Evans, A C},
doi = {10.1109/42.668698},
isbn = {0278-0062 (Print)$\backslash$r0278-0062 (Linking)},
issn = {0278-0062},
journal = {IEEE transactions on medical imaging},
keywords = {Brain,Humans,Magnetic Resonance Imaging,Models: Theoretical},
number = {1},
pages = {87--97},
pmid = {9617910},
title = {{A nonparametric method for automatic correction of intensity nonuniformity in MRI data}},
volume = {17},
year = {1998}
}

@article{Tustison2010,
author = {Tustison, Nicholas J. and Avants, Brian B. and Cook, Philip A. and Zheng, Yuanjie and Egan, Alexander and Yushkevich, Paul A. and Gee, James C.},
doi = {10.1109/TMI.2010.2046908},
isbn = {1558-254X (Electronic)$\backslash$r0278-0062 (Linking)},
issn = {02780062},
journal = {IEEE Transactions on Medical Imaging},
keywords = {B-spline approximation,Bias field,Inhomogeneity,N3},
number = {6},
pages = {1310--1320},
pmid = {20378467},
title = {{N4ITK: Improved N3 bias correction}},
volume = {29},
year = {2010}
}


@article{Arnold2001,
author = {Arnold, J B and Liow, J S and Schaper, K a and Stern, J J and Sled, J G and Shattuck, D W and Worth, a J and Cohen, M S and Leahy, R M and Mazziotta, J C and Rottenberg, D a},
doi = {10.1006/nimg.2001.0756},
isbn = {1053-8119 (Print)},
issn = {1053-8119},
journal = {NeuroImage},
keywords = {magnetic field inhomogeneity,mri,tis-},
number = {5},
pages = {931--943},
pmid = {11304088},
title = {{Qualitative and quantitative evaluation of six algorithms for correcting intensity nonuniformity effects.}},
volume = {13},
year = {2001}
}

@misc{Hou2006,
author = {Hou, Zujun},
booktitle = {International Journal of Biomedical Imaging},
doi = {10.1155/IJBI/2006/49515},
issn = {16874188},
pmid = {23165035},
title = {{A review on MR image intensity inhomogeneity correction}},
volume = {2006},
year = {2006}
}

@article{Cabezas2014,
author = {Cabezas, Mariano and Oliver, Arnau and Roura, Eloy and Freixenet, Jordi and Vilanova, Joan C. and Rami??-Torrent??, Llu??s and Rovira, ??lex and Llad??, Xavier},
doi = {10.1016/j.cmpb.2014.04.006},
issn = {18727565},
journal = {Computer Methods and Programs in Biomedicine},
keywords = {Lesion segmentation,MRI,Multiple sclerosis},
number = {3},
pages = {147--161},
pmid = {24813718},
title = {{Automatic multiple sclerosis lesion detection in brain MRI by FLAIR thresholding}},
volume = {115},
year = {2014}
}

@article{Cabezas2014b,
author = {Cabezas, Mariano and Oliver, Arnau and Valverde, Sergi and Beltran, Brigitte and Freixenet, Jordi and Vilanova, Joan C. and Rami??-Torrent??, Llu??s and Rovira, ??lex and Llad??, Xavier},
doi = {10.1016/j.jneumeth.2014.08.024},
issn = {1872678X},
journal = {Journal of Neuroscience Methods},
keywords = {Artificial intelligence,Brain analysis,Image analysis,Magnetic resonance imaging,Multiple sclerosis},
pages = {108--117},
pmid = {25194638},
title = {{BOOST: A supervised approach for multiple sclerosis lesion segmentation}},
volume = {237},
year = {2014}
}

@article{Llado2012,
author = {Llad\'{o}, Xavier and Oliver, Arnau and Cabezas, Mariano and Freixenet, Jordi and Vilanova, Joan C. and Quiles, Ana and Valls, Laia and Rami\'{o}-Torrent\`{a}, Llu\'{\i}s and Rovira, \`{A}lex},
journal = {Information Sciences},
month = mar,
number = 1,
pages = {164--185},
title = {{Segmentation of multiple sclerosis lesions in brain MRI: A review of automated approaches}},
volume = 186,
year = 2012
}

@article{Garcia-Lorenzo2013,
author = {Garc\'{\i}a-Lorenzo, Daniel and Francis, Simon and Narayanan, Sridar and Arnold, Douglas L and Collins, D Louis},
journal = {Medical Image Analysis},
month = jan,
number = {1},
pages = {1--18},
pmid = {23084503},
title = {{Review of automatic segmentation methods of multiple sclerosis white matter lesions on conventional magnetic resonance imaging}},
volume = {17},
year = {2013}
}

@article{Geremia2011,
author = {Geremia, Ezequiel and Clatz, Olivier and Menze, Bjoern H. and Konukoglu, Ender and Criminisi, Antonio and Ayache, Nicholas},
doi = {10.1016/j.neuroimage.2011.03.080},
isbn = {3642157041},
issn = {10538119},
journal = {NeuroImage},
keywords = {MICCAI Grand Challenge 2008,Multi-sequence MRI,Multiple Sclerosis,Random forests,Segmentation},
number = {2},
pages = {378--390},
pmid = {21497655},
title = {{Spatial decision forests for MS lesion segmentation in multi-channel magnetic resonance images}},
volume = {57},
year = {2011}
}

@article{Deshpande2015,
author = {Deshpande, Hrishikesh and Maurel, Pierre and Barillot, Christian},
doi = {10.1016/j.compmedimag.2015.05.003},
file = {:home/s/Dropbox/phd/papers/lesion{\_}classification/CMIG2015.pdf:pdf},
issn = {08956111},
journal = {Computerized Medical Imaging and Graphics},
mendeley-groups = {lesion{\_}segmentation},
publisher = {Elsevier Ltd},
title = {{Classification of Multiple Sclerosis Lesions using Adaptive Dictionary Learning}},
year = {2015}
}

@article{Jain2015,
author = {Jain, Saurabh and Sima, Diana M. and Ribbens, Annemie and Cambron, Melissa and Maertens, Anke and {Van Hecke}, Wim and {De Mey}, Johan and Barkhof, Frederik and Steenwijk, Martijn D. and Daams, Marita and Maes, Frederik and {Van Huffel}, Sabine and Vrenken, Hugo and Smeets, Dirk},
doi = {10.1016/j.nicl.2015.05.003},
journal = {NeuroImage: Clinical},
volume = {8},
pages = {367--375},
title = {{Automatic segmentation and volumetry of multiple sclerosis brain lesions from MR images}},
year = {2015}
}

@article{Tomas-Fernandez2015,
author = {Tomas-Fernandez, Xavier and Warfield, Simon Keith},
doi = {10.1109/TMI.2015.2393853},
file = {:home/s/.local/share/data/Mendeley Ltd./Mendeley Desktop/Downloaded/Tomas-Fernandez, Warfield - 2015 - A Model of Population and Subject (MOPS) Intensities with Application to Multiple Sclerosis Lesion Se.pdf:pdf},
issn = {1558-254X},
journal = {IEEE transactions on medical imaging},
keywords = {MS,lesion segmentation},
mendeley-groups = {lesion{\_}segmentation},
mendeley-tags = {MS,lesion segmentation},
month = {jan},
number = {c},
pages = {1--15},
pmid = {25616008},
title = {{A Model of Population and Subject (MOPS) Intensities with Application to Multiple Sclerosis Lesion Segmentation.}},
volume = {0062},
year = {2015}
}

@article{Guizard2015,
author = {Guizard, Nicolas and Coup{\'{e}}, Pierrick and Fonov, Vladimir S. and Manj{\'{o}}n, Jose V. and Arnold, Douglas L. and Collins, D. Louis},
doi = {10.1016/j.nicl.2015.05.001},
file = {:home/s/.local/share/data/Mendeley Ltd./Mendeley Desktop/Downloaded/Guizard et al. - 2015 - Rotation-invariant multi-contrast non-local means for MS lesion segmentation.pdf:pdf},
issn = {22131582},
journal = {NeuroImage: Clinical},
keywords = {MRI,MS lesions,MSGC,Multi-contrast,Non-local,Patch-based,Segmentation,Supervised},
mendeley-groups = {lesion{\_}segmentation},
pages = {376--389},
title = {{Rotation-invariant multi-contrast non-local means for MS lesion segmentation}},
volume = {8},
year = {2015}
}

@article{Sweeney2013,
author = {Sweeney, Elizabeth M and Shinohara, Russell T and Shiee, Navid and Mateen, Farrah J and Chudgar, Avni a and Cuzzocreo, Jennifer L and Calabresi, Peter a and Pham, Dzung L and Reich, Daniel S and Crainiceanu, Ciprian M},
doi = {10.1016/j.nicl.2013.03.002},
file = {:home/s/.local/share/data/Mendeley Ltd./Mendeley Desktop/Downloaded/Sweeney et al. - 2013 - OASIS is Automated Statistical Inference for Segmentation, with applications to multiple sclerosis lesion segmen.pdf:pdf},
issn = {2213-1582},
journal = {NeuroImage: Clinical},
keywords = {Brain,Lesion segmentation,Logistic regression,MRI,Multiple sclerosis,Statistical modeling},
mendeley-groups = {MMSEG{\_}paper},
month = {jan},
pages = {402--13},
pmid = 24179794,
publisher = {The Authors},
title = {{OASIS is Automated Statistical Inference for Segmentation, with applications to multiple sclerosis lesion segmentation in MRI.}},
volume = 2,
year = 2013
}

@article{Roura2015,
author = {Roura, Eloy and Oliver, Arnau and Cabezas, Mariano and Valverde, Sergi and Pareto, Deborah and Vilanova, Joan C and Rami{\'{o}}-Torrent{\`{a}}, Llu$\backslash$'is and Rovira, {\`{A}}lex and Llad{\'{o}}, Xavier},
doi = {10.1007/s00234-015-1552-2},
issn = {1432-1920},
journal = {Neuroradiology},
number = {10},
pages = {1031--1043},
title = {{A toolbox for multiple sclerosis lesion segmentation}},
volume = {57},
year = {2015}
}

@article{Schmidt2012,
author = {Schmidt, Paul and Gaser, Christian and Arsic, Milan and Buck, Dorothea and F\"{o}rschler, Annette and Berthele, Achim and Hoshi, Muna and Ilg, R\"{u}diger and Schmid, Volker J and Zimmer, Claus and Hemmer, Bernhard and M\"{u}hlau, Mark},
journal = {NeuroImage},
month = feb,
number = 4,
pages = {3774--3783},
pmid = 22119648,
publisher = {Elsevier Inc.},
title = {{An automated tool for detection of FLAIR-hyperintense white-matter lesions in Multiple Sclerosis}},
volume = 59,
year = 2012
}

@article{Marroquin2002,
	Author = {Marroquin, J.L. and Vemuri, B.C. and Botello, S. and Calderon, E. and Fernandez-Bouzas, A.},
	Doi = {10.1109/TMI.2002.803119},
	Issn = {0278-0062},
	Journal = {Medical Imaging, IEEE Transactions on},
	Month = {aug.},
	Number = {8},
	Pages = {934 -945},
	Title = {An accurate and efficient Bayesian method for automatic segmentation of brain MRI},
	Volume = {21},
	Year = {2002},
}

@article{Ashburner2005,
author = {Ashburner, John and Friston, Karl J.},
doi = {10.1016/j.neuroimage.2005.02.018},
journal = {NeuroImage},
pages = {839--851},
title = {{Unified segmentation}},
volume = {26},
year = {2005}
}

@article{Zhang2001,
author = {Zhang, Y and Brady, M and Smith, S},
journal = {IEEE Transactions on Medical Imaging},
pages = {45--57},
title = {{Segmentation of brain MR images through a hidden Markov random field model and the expectation-maximization algorithm}},
volume = {20},
year = {2001}
}

@article{Roy2012,
title = "Consistent segmentation using a Rician classifier",
journal = "Medical Image Analysis",
volume = 16,
number = 2,
pages = "524 - 535",
year = 2012,
issn = "1361-8415",
doi = "10.1016/j.media.2011.12.001",
author = "Snehashis Roy and Aaron Carass and Pierre-Louis Bazin and Susan Resnick and Jerry L. Prince",
}


@article{Bricq2008,
	Author = {S. Bricq and Ch. Collet and J.P. Armspach},
	Doi = {10.1016/j.media.2008.03.001},
	Issn = {1361-8415},
	Journal = {Medical Image Analysis},
	Keywords = {Brain atlas},
	Note = {<ce:title>Special issue on information processing in medical imaging 2007</ce:title>},
	Number = {6},
	Pages = {639 - 652},
	Title = {Unifying framework for multimodal brain MRI segmentation based on Hidden Markov Chains},
	Url = {http://www.sciencedirect.com/science/article/pii/S136184150800025X},
	Volume = {12},
	Year = {2008},
}

@article{Tohka2010,
title = "Brain MRI tissue classification based on local Markov random fields",
journal = "Magnetic Resonance Imaging",
volume = "28",
number = "4",
pages = "557 - 573",
year = "2010",
note = "",
issn = "0730-725X",
doi = "10.1016/j.mri.2009.12.012",
url = "http://www.sciencedirect.com/science/article/pii/S0730725X0900304X",
author = "Jussi Tohka and Ivo D. Dinov and David W. Shattuck and Arthur W. Toga",
keywords = "Segmentation",
keywords = "Magnetic resonance",
keywords = "Brain imaging",
keywords = "Sub volume probabilistic atlas",
keywords = "Classifier combination"
}

@article{Pham2001,
author = {Pham, Dzung L},
doi = {10.1006/cviu.2001.0951},
keywords = {cross-validation,fields,fuzzy c-means,fuzzy clustering,image segmentation,markov random},
pages = {285--297},
journal = {Computer Vision and Image Understanding},
title = {{Spatial Models for Fuzzy Clustering}},
volume = {297},
year = {2001}
}

@article{Ortiz2013,
title = "Two fully-unsupervised methods for \{MR\} brain image segmentation using SOM-based strategies ",
journal = "Applied Soft Computing ",
volume = "13",
number = "5",
pages = "2668 - 2682",
year = "2013",
author = "Ortiz A, G\'orriz JM, Ram\'irez J, Salas-Gonz\'alez D, Llamas-Elvira JM"
}

@article{Mahapatra2014,
author = {Mahapatra, D},
doi = {10.1109/TIP.2014.2305073},
isbn = {1057-7149},
issn = {1057-7149},
journal = {Image Processing, IEEE Transactions on},
keywords = {Accuracy,Context,Feature extraction,Image segmentation,MRF framework,RF classifiers,Radio frequency,Random forests,Training,Vegetation,curvature information,feature selection,graph cut,graph cut algorithms,graph cut segmentation,graph theory,image texture,intensity information,learning (artificial intelligence),learning discriminative features,medical image processing,medical image segmentation,probability maps,random forest,segmentation,supervoxels,texture information,training information,training information analysis},
number = {4},
pages = {1504--1512},
title = {{Analyzing Training Information From Random Forests for Improved Image Segmentation}},
volume = {23},
year = {2014}
}

@incollection{yi2009,
	Affiliation = {University of California, Los Angeles, USA},
	Author = {Yi, Zhao and Criminisi, Antonio and Shotton, Jamie and Blake, Andrew},
	Booktitle = {Medical Image Computing and Computer-Assisted Intervention -- MICCAI 2009},
	Editor = {Yang, Guang-Zhong and Hawkes, David and Rueckert, Daniel and Noble, Alison and Taylor, Chris},
	Isbn = {978-3-642-04270-6},
	Keyword = {Computer Science},
	Pages = {558-565},
	Publisher = {Springer Berlin / Heidelberg},
	Series = {Lecture Notes in Computer Science},
	Title = {Discriminative, Semantic Segmentation of Brain Tissue in MR Images},
	Url = {http://dx.doi.org/10.1007/978-3-642-04271-3_68},
	Volume = {5762},
	Year = {2009},
	Bdsk-Url-1 = {http://dx.doi.org/10.1007/978-3-642-04271-3_68}}


@inproceedings{Vrooman2013,
  title={Auto-kNN: brain tissue segmentation using automatically trained knearest-neighbor classification},
  author={Vrooman, H and van der Lijn, Fedde and Niessen, W},
  booktitle={Proceedings of the MICCAI Workshops—The MICCAI Grand Challenge on MR Brain Image Segmentation (MRBrainS’13)},
  year={2013}
}

@inproceedings{Opbroek2013,
  title={Automated brain-tissue segmentation by multi-feature SVM classification},
  author={van Opbroek, Annegreet and van der Lijn, Fedde and de Bruijne, Marleen},
  booktitle={Proceedings of the MICCAI Workshops—The MICCAI Grand Challenge on MR Brain Image Segmentation (MRBrainS’13)},
  year={2013}
}

@article{Rajchl2015,
author = {Rajchl, Martin and Baxter, John S.H. and McLeod, a. Jonathan and Yuan, Jing and Qiu, Wu and Peters, Terry M. and Khan, Ali R.},
doi = {10.1016/j.media.2015.05.005},
file = {:home/s/.local/share/data/Mendeley Ltd./Mendeley Desktop/Downloaded/Rajchl et al. - 2015 - Hierarchical max-flow segmentation framework for multi-atlas segmentation with Kohonen self-organizing map based.pdf:pdf},
issn = {13618415},
journal = {Medical Image Analysis},
keywords = {ASETS,Convex optimization,GPGPU,Kohonen self-organizing map,Multi-region segmentation},
mendeley-groups = {MMSEG{\_}paper},
pages = {1--12},
publisher = {Elsevier Ltd.},
title = {{Hierarchical max-flow segmentation framework for multi-atlas segmentation with Kohonen self-organizing map based Gaussian mixture modeling}},
url = {http://linkinghub.elsevier.com/retrieve/pii/S1361841515000729},
volume = {000},
year = {2015}
}


@article{deBoer2009,
	Author = {De Boer, Renske and Vrooman, Henri A and Van Der Lijn, Fedde and Vernooij, Meike W and Ikram, M Arfan and Van Der Lugt, Aad and Breteler, Monique M B and Niessen, Wiro},
	Journal = {NeuroImage},
	Number = {4},
	Pages = {1151--1161},
	Publisher = {Elsevier Inc.},
	Title = {White matter lesion extension to automatic brain tissue segmentation on MRI.},
	Url = {http://www.ncbi.nlm.nih.gov/pubmed/19344687},
	Volume = {45},
	Year = {2009},
	Bdsk-Url-1 = {http://www.ncbi.nlm.nih.gov/pubmed/19344687}}


@article{Akselrod2006,
author = {Akselrod-Ballin, Ayelet and Galun, Meirav and Gomori, Moshe John and Basri, Ronen and Brandt, Achi},
doi = {10.1007/11866763{\_}26},
isbn = {3-540-44727-X},
issn = 03029743,
journal = {Medical image computing and computer-assisted intervention : MICCAI ... International Conference on Medical Image Computing and Computer-Assisted Intervention},
number = {Pt 2},
pages = {209--16},
pmid = 17354774,
title = {{Atlas guided identification of brain structures by combining 3D segmentation and SVM classification.}},
volume = 9,
year = 2006
}

@article{Caldairou2011,
  title={A non-local fuzzy segmentation method: application to brain MRI},
  author={Caldairou, Beno{\'\i}t and Passat, Nicolas and Habas, Piotr A and Studholme, Colin and Rousseau, Fran{\c{c}}ois},
  journal={Pattern Recognition},
  volume={44},
  number={9},
  pages={1916--1927},
  year={2011},
  publisher={Elsevier}
}

@article{Chard2010,
author = {Chard, Declan T. and Jackson, Jonathan S. and Miller, David H. and Wheeler-Kingshott, Claudia A M},
journal = {Journal of Magnetic Resonance Imaging},
keywords = {Brain,Error correction,MRI,Multiple sclerosis,Segmentation errors,White matter lesions},
pages = {223--228},
title = {{Reducing the impact of white matter lesions on automated measures of brain gray and white matter volumes}},
volume = 32,
year = 2010
}

@article{Battaglini2012,
author = {Battaglini, Marco and Jenkinson, Mark and Stefano, Nicola De and {De Stefano}, Nicola},
doi = {10.1002/hbm.21344},
journal = {Human Brain Mapping},
number = 9,
pages = {2062--71},
title = {{Evaluating and reducing the impact of white matter lesions on brain volume measurements}},
volume = 33,
year = 2012
}

@article{Magon2014,
author = {Magon, Stefano and Gaetano, Laura and Chakravarty, M Mallar and Lerch, Jason P and Naegelin, Yvonne and Stippich, Christoph and Kappos, Ludwig and Radue, Ernst-Wilhelm and Sprenger, Till},
doi = {10.1186/1471-2202-15-106},
issn = {1471-2202},
journal = {BMC Neuroscience.},
month = jan,
number = {1},
pages = {106},
pmid = {25200127},
publisher = {BioMed Central Ltd.},
title = {{White matter lesion filling improves the accuracy of cortical thickness measurements in multiple sclerosis patients: a longitudinal study.}},
volume = {15},
year = {2014}
}

@article{Diez2014,
author = {Diez, Yago and Oliver, Arnau and Cabezas, Mariano and Valverde, Sergi and Mart{\'{\i}}, Robert and Vilanova, Joan Carles and Rami{\'{o}}-Torrent{\`{a}}, Llu{\'{\i}}s and Rovira, {\`{A}}lex and Llad{\'{o}}, Xavier},
doi = {10.1007/s12021-013-9216-z},
file = {:home/s/Dropbox/phd/papers/registration/ninf14{\_}Diez.pdf:pdf},
journal = {Neuroinformatics},
number = {3},
pages = {365--379},
title = {{Intensity based methods for brain MRI longitudinal registration. A study on multiple sclerosis patients}},
volume = {12},
year = {2014}
}

@article{Ceccarelli2012,
author = {Ceccarelli, A and Jackson, J S and Tauhid, S and Arora, A and Gorky, J and Dell'Oglio, E and Bakshi, A and Chitnis, T and Khoury, S J and Weiner, H L and Guttmann, C R G and Bakshi, R and Neema, M},
issn = {1936-1959},
journal = {American Journal of Neuroradiology},
month = sep,
number = {8},
pages = {1579--85},
title = {{The impact of lesion in-painting and registration methods on voxel-based morphometry in detecting regional cerebral gray matter atrophy in multiple sclerosis}},
volume = {33},
year = {2012}
}

@article{Popescu2014,
 author = {Popescu, V. and Ran, N. C G and Barkhof, F. and Chard, D. T. and Wheeler-Kingshott, C. A. and Vrenken, H.},
doi = {10.1016/j.nicl.2014.01.004},
issn = {22131582},
journal = {NeuroImage: Clinical},
keywords = {FSL,LEAP,Lesion filling,Multiple sclerosis},
pages = {366--373},
pmid = {24567908},
title = {{Accurate GM atrophy quantification in MS using lesion-filling with co-registered 2D lesion masks}},
volume = {4},
year = {2014}
}


@article{Sdika2009,
author = {Sdika, Micha{\"{e}}l and Pelletier, Daniel},
doi = {10.1002/hbm.20566},
isbn = {1097-0193 (Electronic)$\backslash$n1065-9471 (Linking)},
issn = {10659471},
journal = {Human Brain Mapping},
keywords = {Image inpainting,Lesion mapping,Morphometry,Multiple sclerosis,Nonrigid registration,White matter lesions},
number = {4},
pages = {1060--1067},
pmid = {18412131},
title = {{Nonrigid registration of multiple sclerosis brain images using lesion inpainting for morphometry or lesion mapping}},
volume = {30},
year = {2009}
}

@article{Llado2012b,
author = {Llad{\'{o}}, Xavier and Ganiler, Onur and Oliver, Arnau and Mart{\'{\i}}, Robert and Freixenet, Jordi and Valls, Laia and Vilanova, Joan C. and Rami{\'{o}}-Torrent{\`{a}}, Llu{\'{\i}}s and Rovira, {\`{A}}lex},
doi = {10.1007/s00234-011-0992-6},
isbn = {0023401109},
issn = {0028-3940},
journal = {Neuroradiology},
keywords = {mri,multiple sclerosis,serial analysis},
pages = {787--807},
pmid = {22179659},
title = {{Automated detection of multiple sclerosis lesions in serial brain MRI}},
volume = {54},
year = {2012}
}

@article{Ganiler2014,
author = {Ganiler, Onur and Oliver, Arnau and Diez, Yago and Freixenet, Jordi and Vilanova, Joan C. and Beltran, Brigitte and Rami??-Torrent??, Llu??s and Rovira, ??lex and Llad??, Xavier},
doi = {10.1007/s00234-014-1343-1},
isbn = {0028-3940},
issn = {14321920},
journal = {Neuroradiology},
keywords = {3D subtraction,Brain MRI longitudinal analysis,Lesion change detection,Multiple sclerosis},
number = {5},
pages = {363--374},
pmid = {24590302},
title = {{A subtraction pipeline for automatic detection of new appearing multiple sclerosis lesions in longitudinal studies}},
volume = {56},
year = {2014}
}

@article{Roura2015b,
	author={Roura, E. and Schneider, T. and Modat, M. and Daga, P. and Muhlert, N. and Chard, D. and Ourselin, S. and Llad\'{o}, X. and Wheeler-Kingshott, C. A. M.},
	title={Multi-channel registration of FA and T1w images in the presence of atrophy: application to Multiple Sclerosis},
	journal={Functional Neurology},
	volume={30},
	number={4},
	pages={},
	year={2015}
}
